@inproceedings{whycon_paper,
	Author = {Nitsche, Matias and Krajník, Tomáš and Čížek, Petr and Mejail, Marta and Duckett, Tom},
	Booktitle = {IROS Workshop on Open Source Aerial Robotics},
	Title = {WhyCon: An Efficent, Marker-based Localization System},
	Year = {2015}
}

@inproceedings{whycode_paper,
    author = {Lightbody, Peter and Krajn\'{\i}k, Tom\'{a}\v{s} and Hanheide, Marc},
    title = {A Versatile High-performance Visual Fiducial Marker Detection System with Scalable Identity Encoding},
    booktitle = {Proceedings of the Symposium on Applied Computing},
    series = {SAC '17},
    year = {2017},
    isbn = {978-1-4503-4486-9},
    location = {Marrakech, Morocco},
    pages = {276--282},
    numpages = {7},
    url = {http://doi.acm.org/10.1145/3019612.3019709},
    doi = {10.1145/3019612.3019709},
    acmid = {3019709},
    publisher = {ACM},
    address = {New York, NY, USA},
    keywords = {computer vision, fiducial markers, swarm robotics},
} 

@INPROCEEDINGS{apriltag_paper, author={E. {Olson}}, booktitle={2011 IEEE International Conference on Robotics and Automation}, title={AprilTag: A robust and flexible visual fiducial system}, year={2011}, volume={}, number={}, pages={3400-3407},}

@mastersthesis{AL_thesis,
    author = {{Joshua Springer}},
    school = {Reykjavik University, Department of Computer Science},
    title = {Autonomous Landing of a Multicopter Using Computer Vision},
    year = 2020
}

@INPROCEEDINGS{visual_servoing,
author={D. {Lee} and T. {Ryan} and H. J. {Kim}},
booktitle={2012 IEEE International Conference on Robotics and Automation},
title={Autonomous landing of a {VTOL} {UAV} on a moving platform using image-based visual servoing},
year={2012},
volume={},
number={},
pages={971-976},
keywords={adaptive control;aircraft landing guidance;autonomous aerial vehicles;mobile robots;robot vision;telerobotics;variable structure systems;visual servoing;autonomous landing;VTOL UAV;moving platform;image based visual servoing;vision based algorithm;vertical takeoff and landing unmanned aerial vehicle;IBVS;two-dimensional image space;velocity reference command;adaptive sliding mode controller;sliding mode controller;adaptive rule;Cameras;Target tracking;Visual servoing;Image reconstruction;Vectors;Aerospace electronics;Aerodynamics},
doi={10.1109/ICRA.2012.6224828},
ISSN={1050-4729},
month={May},}

@article{high_velocity_landing,
author = {Borowczyk, Alexandre and Tien, Nguyen and Nguyen, Andre and Nguyen, Dang and Saussie, David and Le Ny, Jerome},
year = {2016},
month = {11},
pages = {},
title = {Autonomous Landing of a Multirotor Micro Air Vehicle on a High Velocity Ground Vehicle},
journal = {IFAC-PapersOnLine}
}

 @misc{ros_camera_calibration, title={{Calibrating a Monocular Camera with ROS}}, url={http://ros-developer.com/2017/04/23/camera-calibration-with-ros/}, journal={Robotics with ROS}, year={2019}, month={Apr}}
 
 @inproceedings{vision_based_x_platform,
author = {Falanga, Davide and Zanchettin, Alessio and Simovic, Alessandro and Delmerico, Jeffrey and Scaramuzza, Davide},
year = {2017},
month = {10},
pages = {},
title = {Vision-based Autonomous Quadrotor Landing on a Moving Platform},
doi = {10.1109/SSRR.2017.8088164}
}

@mastersthesis{wynn,
  title={Visual Servoing for Precision Shipboard Landing of an Autonomous Multirotor Aircraft System},
  author={Jesse S. Wynn},
  school={Brigham Young University},
  handle={http://hdl.lib.byu.edu/1877/etd10385},
  year={2018},
  month={9},
  day={1}
}

@online{precision_land_website,
    author = {{ArduPilot Dev Team}},
    title = {Precision Landing and Loiter with IR-LOCK},
    url  = "https://ardupilot.org/copter/docs/precision-landing-with-irlock.html",
    note = {(accessed: 2020.6.5)},
    keywords = {pixhawk, autopilot}
}

@online{gazebo,
    title = {Gazebo: Robot simulation made easy.},
    url  = "http://gazebosim.org/",
    note = {(accessed: 2020.6.5)},
    keywords = {pixhawk, autopilot}
}

@online{ardupilot_gazebo_plugin,
    title = {Ardupilot Gazebo Plugin \& Models},
    url  = "https://github.com/SwiftGust/ardupilot\_gazebo",
    note = {(accessed: 2020.6.5)},
    keywords = {pixhawk, autopilot}
}

@online{mavros,
    title = {MAVROS Github Repository},
    url  = "https://github.com/mavlink/mavros",
    note = {(accessed: 2020.7.15)},
    keywords = {pixhawk, autopilot}
}

@online{ros,
    title = {{Robot Operating System (ROS})},
    url  = "https://www.ros.org/",
    note = {(accessed: 2020.7.15)},
    keywords = {pixhawk, autopilot}
}

@online{camera_thingiverse,
    title = {{GoPro form factor case for Jetson Nano wide-angle or Google Coral camera modules}},
    url  = "https://www.thingiverse.com/thing:4560347/files",
    note = {(accessed: 2020.8.10)},
    keywords = {Thingiverse, STL, GoPro, camera}
}

@online{mounting_plate_thingiverse,
    title = {{Tarot 680 Component Mounting Plate}},
    url  = "https://www.thingiverse.com/thing:4559839",
    note = {(accessed: 2020.8.15)},
    keywords = {Thingiverse, STL, Tarot 680}
}

@online{canopy_thingiverse,
    title = {{Canopy for Tarot 680 Pro}},
    url  = "https://www.thingiverse.com/thing:4191694",
    note = {(accessed: 2020.8.15)},
    keywords = {Thingiverse, STL, Tarot 680}
}

@online{navio2_website,
    author = {Emlid},
    title = {Navio2},
    url  = "https://emlid.com/navio/",
    note = {(accessed: 2020.7.15)},
    keywords = {pixhawk, autopilot}
}

@online{ardupilot_website,
    author = {ArduPilot Dev Team},
    title = {ArduPilot},
    url  = "https://ardupilot.org/",
    note = {(accessed: 2020.7.15)},
    keywords = {pixhawk, autopilot}
}

@online{ardupilot_setup,
    author = {ArduPilot Dev Team},
    title = {ArduPilot Setup Guidelines},
    url  = "https://ardupilot.org/copter/docs/initial-setup.html",
    note = {(accessed: 2020.7.12)},
    keywords = {pixhawk, autopilot}
}

@online{mavlink_website,
    author = {MAVLink},
    title = {MAVLink Developer Guide},
    url  = "https://mavlink.io/en/",
    note = {(accessed: 2020.7.15)},
    keywords = {pixhawk, autopilot}
}

@online{gstreamer_website,
    author = {GStreamer},
    title = {{GStreamer Open Source Media Framework}},
    url  = "https://gstreamer.freedesktop.org/",
    note = {(accessed: 2020.7.15)},
    keywords = {pixhawk, autopilot}
}

@online{gscam_github,
    title = {{gscam Github Repository}},
    url  = "https://github.com/ros-drivers/gscam",
    note = {(accessed: 2020.7.15)},
    keywords = {pixhawk, autopilot}
}

@online{jetson_csi_cam_github,
    author = {Peter Moran},
    title = {{Jetson CSI Cam Github Repository}},
    url  = "https://github.com/peter-moran/jetson\_csi\_cam",
    note = {(accessed: 2020.7.15)},
    keywords = {pixhawk, autopilot}
}

@online{whycon_github,
    title = {{LCAS WhyCon Github Repository}},
    url  = "https://github.com/LCAS/whycon",
    note = {(accessed: 2020.7.15)},
    keywords = {pixhawk, autopilot}
}

@online{whycon_edited_github,
    title = {{Edited WhyCon Github Repository}},
    url  = "https://github.com/uzgit/whycon",
    note = {(accessed: 2020.7.15)},
    keywords = {pixhawk, autopilot}
}

@online{gimbal_controller_github,
    title = {{Gimbal Controller Github Repository}},
    url  = "https://github.com/uzgit/gimbal\_controller",
    note = {(accessed: 2020.7.15)},
    keywords = {pixhawk, autopilot}
}

@online{landing_controller_github,
    title = {{Landing Controller Github Repository}},
    url  = "https://github.com/uzgit/landing\_controller",
    note = {(accessed: 2020.7.15)},
    keywords = {pixhawk, autopilot}
}

@article{ground_effect_article,
author = {Aich, Susanna and Ahuja, Chahat and Gupta, Tushar and Pachiyappan, Arulmozhivarman},
year = {2015},
month = {04},
pages = {236-241},
title = {Analysis of ground effect on multi-rotors},
journal = {2014 International Conference on Electronics, Communication and Computational Engineering, ICECCE 2014},
doi = {10.1109/ICECCE.2014.7086619}
}

@article{pid_control,
author = {Åström, K.J. and Albertos, P. and Quevedo, Joseba},
year = {2001},
month = {11},
pages = {1159–1161},
title = {{PID} control},
volume = {9},
journal = {Control Engineering Practice},
doi = {10.1016/S0967-0661(01)00061-2}
}